<?xml version="1.0" encoding="UTF-8"?><record xmlns="http://www.loc.gov/MARC21/slim" xmlns:cinclude="http://apache.org/cocoon/include/1.0" xmlns:zs="http://www.loc.gov/zing/srw/">
  <leader>00444nz  a2200121n  4500</leader>
  <controlfield tag="001">n  79128814 </controlfield>
  <controlfield tag="003">DLC</controlfield>
  <controlfield tag="005">19840322000000.0</controlfield>
  <controlfield tag="008">791107n| acannaab|          |n aaa |||  </controlfield>
  <datafield tag="010" ind1=" " ind2=" ">
    <subfield code="a">n  79128814 </subfield>
  </datafield>
  <datafield tag="040" ind1=" " ind2=" ">
    <subfield code="a">DLC</subfield>
    <subfield code="c">DLC</subfield>
  </datafield>
  <datafield tag="100" ind1="1" ind2="0">
    <subfield code="a">Shlesinger, B. Edward,</subfield>
    <subfield code="d">1924-</subfield>
    <subfield code="t">Art of successful inventing</subfield>
  </datafield>
  <datafield tag="670" ind1=" " ind2=" ">
    <subfield code="a">Data from Prentice-Hall Media for The Art</subfield>
    <subfield code="b">of Successful inventing [FS] 1978 (a.e.) (based on B. Edward Shlesinger's The art of successful inventing)</subfield>
  </datafield>
</record>